<?xml version="1.0" encoding="UTF-8"?><collection xmlns="http://www.loc.gov/MARC21/slim"><record><leader>00430nam--2200133-i-4500</leader><controlfield tag="001">000042320</controlfield><controlfield tag="002">20161230</controlfield><controlfield tag="005">20161230201043</controlfield><controlfield tag="008">060222s1000------------r-----000-0-eng-d</controlfield><datafield ind1=" " ind2=" " tag="100"><subfield code="a">Soule,Harold V</subfield></datafield><datafield ind1=" " ind2=" " tag="245"><subfield code="a">Electro-optical photography at low illumination levels</subfield></datafield><datafield ind1=" " ind2=" " tag="260"><subfield code="a">New York, John Wiley &amp; Sons, Inc.,1968. Xvi + 392 P</subfield></datafield><datafield ind1=" " ind2=" " tag="490"><subfield code="a">Wiley Series On Photographic Science And Technology And The Graphic Arts</subfield></datafield><datafield ind1=" " ind2=" " tag="852"><subfield code="a">32913</subfield></datafield></record></collection>